@ARTICLE{Rubin1970_DM,
       author = {{Rubin}, Vera C. and {Ford}, W. Kent, Jr.},
        title = "{Rotation of the Andromeda Nebula from a Spectroscopic Survey of Emission Regions}",
      journal = {\apj},
         year = 1970,
        month = feb,
       volume = {159},
        pages = {379},
          doi = {10.1086/150317},
       adsurl = {https://ui.adsabs.harvard.edu/abs/1970ApJ...159..379R},
      adsnote = {Provided by the SAO/NASA Astrophysics Data System}
}